@article{CES2010,
  author       = {Francesco Cesarone AND Andrea Scozzari AND Fabio
                  Tardella},
  title	       = {{Portfolio selection problems in practice: a
                  comparison between linear and quadratic optimization
                  models}},
  year	       = {2010},
  archiveprefix= {arXiv},
  eprint       = {1105.3594v1},
  primaryclass = {q-fin.PM}
}

@Manual{IHA2013,
  title = {Rnoweb: Simplified Literate Programming},
  author = {Ihaka, R},
  year = {2013},
  note = {R package version 1.1},
}

@article{KNU1984,
  author = {Knuth, D. E.},
  title = {Literate Programming},
  volume = {27},
  number = {2},
  pages = {97-111},
  year = {1984},
  doi = {10.1093/comjnl/27.2.97},
  abstract ={The author and his associates have been experimenting for the past several years with a programming language and documentation system called WEB. This paper presents WEB by example, and discusses why the new system appears to be an improvement over previous ones.},
  URL = {http://comjnl.oxfordjournals.org/content/27/2/97.abstract},
  eprint = {http://comjnl.oxfordjournals.org/content/27/2/97.full.pdf+html},
  journal = {The Computer Journal}
}

@InProceedings{PAL2009,
  author = 	 {Palshikar, G.},
  title = 	 {Simple algorithms for peak detection in time-series},
  booktitle = {First Int. Conf. Advanced Data Analysis, Business Analytics and Intelligence},
  year = 	 {2009},
  address = 	 {Ahmedabad, India}
}

@Article{RAM1994,
  author = 	 {Ramsey, N.},
  title = 	 {Literate programming simplified},
  journal = 	 {IEEE Software},
  year = 	 {1994},
  volume = 	 {11},
  number = 	 {5},
  pages = 	 {97--105},
  month = 	 {September}
}

@Manual{WIC2015,
  title = {roxygen2: In-Source Documentation for R},
  author = {Wickham, H. and Danenberg, P. and Eugster, M.},
  year = {2015},
  note = {R package version 5.0.1},
  url = {https://CRAN.R-project.org/package=roxygen2},
}

@Manual{WIC2016,
  title = {devtools: Tools to Make Developing R Packages Easier},
  author = {Wickham, H. and Chang, W.},
  year = {2016},
  note = {R package version 1.12.0},
  url = {https://CRAN.R-project.org/package=devtools},
}
